<?xml version="1.0" encoding="UTF-8"?><collection xmlns="http://www.loc.gov/MARC21/slim"><record><leader>00366nam--2200133-i-4500</leader><controlfield tag="001">000040963</controlfield><controlfield tag="002">20161230</controlfield><controlfield tag="005">20161230201042</controlfield><controlfield tag="008">060222s1000------------r-----000-0-eng-d</controlfield><datafield ind1=" " ind2=" " tag="080"><subfield code="a">621.382</subfield></datafield><datafield ind1=" " ind2=" " tag="100"><subfield code="a">Selberherr, Siegfried</subfield></datafield><datafield ind1=" " ind2=" " tag="245"><subfield code="a">Analysis and simulation of semiconductor devices. with 126 fig</subfield></datafield><datafield ind1=" " ind2=" " tag="260"><subfield code="a">Wien, Springer-verlag, 1984, Xiv+293p</subfield></datafield><datafield ind1=" " ind2=" " tag="852"><subfield code="a">72678</subfield></datafield></record></collection>